

@article{bowers2012scientific,
  title={\href{http://link.springer.com/article/10.1007%2Fs13740-012-0004-y}{Scientific workflow, provenance, and data modeling challenges and approaches}},
  author={Bowers, Shawn},
  journal={Journal on Data Semantics},
  volume={1},
  number={1},
  pages={19--30},
  year={2012},
  publisher={Springer}
}

@article{bocinsky2014,
  title={\href{http://village.anth.wsu.edu/sites/village.anth.wsu.edu/files/publications/Bocinsky2014_NatComm_0.pdf}{A 2,000-Year reconstruction of the rain-fed maize agricultural niche in the {US} Southwest}},
  author={R.\ Kyle Bocinsky and Timothy A.\ Kohler},
  journal={Nature Communications},
  volume=5,
  year=2014,
  note={\href{http://dx.doi.org/10.1038/ncomms6618}{doi:10.1038/ncomms6618}},
  publisher={Nature Publishing Group}
}

@book{gandrud2013reproducible,
  title={Reproducible Research with R and R Studio},
  author={Gandrud, Christopher},
  year={2013},
  publisher={CRC Press}
}
@article{tsai2013autodrug,
  title={\href{http://www.absoluteflow.org/Documents/tsai_autodrug_2013.pdf}{AutoDrug: fully automated macromolecular crystallography workflows for fragment-based drug discovery}},
  author={Tsai, Yingssu and McPhillips, Scott E and Gonz{\'a}lez, Ana and McPhillips, Timothy M and Zinn, Daniel and Cohen, Aina E and Feese, Michael D and Bushnell, David and Tiefenbrunn, Theresa and Stout, C David and others},
  journal={Acta Cryst},
  volume={500},
  pages={69},
  year={2013}
}

@book{stodden2014implementing,
  title={Implementing reproducible research},
  author={Stodden, Victoria and Leisch, Friedrich and Peng, Roger D},
  year={2014},
  publisher={CRC Press}
}

@article{freire2014reproducibility,
  title={Reproducibility using vistrails},
  author={Freire, Juliana and Koop, David and Chirigati, Fernando Seabra and Silva, Cl{\'a}udio T},
  journal={Implementing Reproducible Research},
  pages={33},
  year={2014},
  publisher={CRC Press}
}

@article{davidson2007provenance,
  title={Provenance in Scientific Workflow Systems.},
  author={Davidson, Susan B and Boulakia, Sarah Cohen and Eyal, Anat and Lud{\"a}scher, Bertram and McPhillips, Timothy M and Bowers, Shawn and Anand, Manish Kumar and Freire, Juliana},
  journal={IEEE Data Eng. Bull.},
  volume={30},
  number={4},
  pages={44--50},
  year={2007}
}

@Misc{yw-website,
key = {YW},
title = {\textsf{YesWorkflow} project site and README},
howpublished = {\href{http://yesworkflow.org/yw}{yesworkflow.org/yw}},
year=2015
}

@article{DBLP:journals/corr/McPhillipsSKABB15,
  author    = {Timothy M. McPhillips and
               Tianhong Song and
               Tyler Kolisnik and
               Steve Aulenbach and
               Khalid Belhajjame and
               Kyle Bocinsky and
               Yang Cao and
               Fernando Chirigati and
               Saumen C. Dey and
               Juliana Freire and
               Deborah N. Huntzinger and
               Christopher Jones and
               David Koop and
               Paolo Missier and
               Mark Schildhauer and
               Christopher R. Schwalm and
               Yaxing Wei and
               James Cheney and
               Mark Bieda and
               Bertram Lud{\"{a}}scher},
  title     = {\textsf{YesWorkflow}: {A} User-Oriented, Language-Independent Tool for Recovering
               Workflow Information from Scripts},
  journal   = {Intl.\ Journal of Digital Curation (IJDC)},
  year      = {2015},
  note       = {preprint: \href{http://arxiv.org/abs/1502.02403}{arxiv.org/abs/1502.02403}},
}

@inproceedings{DBLP:conf/ipaw/MurtaBCKF14,
  author    = {Leonardo Murta and
               Vanessa Braganholo and
               Fernando Chirigati and
               David Koop and
               Juliana Freire},
  title     = {\textsf{noWorkflow}: Capturing and Analyzing Provenance of Scripts},
  booktitle = {Intl.\ Provenance and Annotation Workshop (IPAW)},
  annote = {LNCS 8628},
  year      = {2014},
}

@inproceedings{murta2014nw,
  author    = {Leonardo Murta and
               Vanessa Braganholo and
               Fernando Chirigati and
               David Koop and
               Juliana Freire},
  title     = {\textsf{noWorkflow}: Capturing and Analyzing Provenance of Scripts},
  booktitle = {Intl.\ Provenance and Annotation Workshop (IPAW)},
  annote = {LNCS 8628},
  year      = 2014,
}

@misc{moreau2013prov,
  title={{PROV-DM}: The {PROV} data model},
  author={Moreau, Luc and Missier, Paolo},
  year={2013},
  publisher={World Wide Web Consortium}
}

@article{moreau09:_opm,
author = "Luc Moreau and Ben Clifford and Juliana Freire and Joe Futrelle and Yolanda Gil and Paul Groth and Natalia Kwasnikowska and Simon Miles and Paolo Missier and Jim Myers and Beth Plale and Yogesh Simmhan and Eric Stephan and Jan Van den Bussche",
title = "The Open Provenance Model core specification (v1.1)",
journal = "FCGS",
volume = 27,
number = 6,
pages = "743--756",
year = 2011,
doi = "DOI: 10.1016/j.future.2010.07.005",
}

@inproceedings{Ghoshal:2013:SCA:2534248.2534250,
 author = {Ghoshal, Devarshi and Chauhan, Arun and Plale, Beth},
 title = {Static Compiler Analysis for Workflow Provenance},
 booktitle = {Proc. 8th Work. on Workflows in Support of Large-Scale Science},
 series = {WORKS '13},
 year = {2013},
 isbn = {978-1-4503-2502-8},
 location = {Denver, Colorado},
 pages = {17--27},
 numpages = {11},
 url = {http://doi.acm.org/10.1145/2534248.2534250},
 doi = {10.1145/2534248.2534250},
 acmid = {2534250},
 publisher = {ACM},
 OPTaddress = {New York, NY, USA}
} 

@inproceedings{bowers2012rules,
  author    = {Shawn Bowers and
               Timothy M. McPhillips and
               Bertram Lud{\"a}scher},
  title     = {Declarative Rules for Inferring Fine-Grained Data Provenance
               from Scientific Workflow Execution Traces},
 booktitle = {Intl.\ Provenance and Annotation Workshop (IPAW)},
  year      = {2012},
  pages     = {82-96},
  ee        = {http://dx.doi.org/10.1007/978-3-642-34222-6_7},
  bibsource = {DBLP, http://dblp.uni-trier.de}
}

@inproceedings{works2012daks, 
 author = {Cuevas-Vicentt\'{\i}n, V\'{\i}ctor and Dey, Saumen and Lud{\"a}scher, Bertram and Li Yuan Wang, Michael and Song, Tianhong}, 
 title = {Modeling and Querying Scientific Workflow Provenance in the D-OPM}, 
 booktitle = {7th Workshop on Workflows in Support of Large-Scale Science (WORKS)},
 location = {Salt Lake City, USA},
 year = {2012}
}

@inproceedings{dey2012datalog,
  title={Datalog as a lingua franca for provenance querying and reasoning},
  author={Dey, Saumen and K{\"o}hler, Sven and Bowers, Shawn and Lud{\"a}scher, Bertram},
  booktitle={Intl.\ Workshop on Theory and Practice of Provenance (TaPP)},
  year={2012}
}

@inproceedings{dey2013provenance,
  title={Provenance analyzer: exploring provenance semantics with logic rules},
  author={Dey, Saumen and Riddle, Sean and Lud{\"a}scher, Bertram},
  booktitle={Intl.\ Workshop on Theory and Practice of Provenance (TaPP)},
  year={2013},
  organization={USENIX}
}

@inproceedings{gil2017towards,
  title={Towards Automating Data Narratives},
  author={Gil, Yolanda and Garijo, Daniel},
  booktitle={Proceedings of the 22nd International Conference on Intelligent User Interfaces},
  pages={565--576},
  year={2017},
  organization={ACM}
}

@inproceedings{mcphillips2015retrospective,
  title={Retrospective provenance without a runtime provenance recorder},
  author={McPhillips, Timothy and Bowers, Shawn and Belhajjame, Khalid and Lud{\"a}scher, Bertram},
  booktitle={USENIX Workshop on Theory and Practice of Provenance},
  year={2015}
}

@inproceedings{missier2010fine,
  title={Fine-grained and efficient lineage querying of collection-based workflow provenance},
  author={Missier, Paolo and Paton, Norman W and Belhajjame, Khalid},
  booktitle={Proceedings of the 13th International Conference on Extending Database Technology},
  pages={299--310},
  year={2010},
  organization={ACM}
}

@article{amsterdamer2011putting,
  title={Putting lipstick on pig: Enabling database-style workflow provenance},
  author={Amsterdamer, Yael and Davidson, Susan B and Deutch, Daniel and Milo, Tova and Stoyanovich, Julia and Tannen, Val},
  journal={Proceedings of the VLDB Endowment},
  volume={5},
  number={4},
  pages={346--357},
  year={2011},
  publisher={VLDB Endowment}
}

@article{bao2012labeling,
  title={Labeling workflow views with fine-grained dependencies},
  author={Bao, Zhuowei and Davidson, Susan B and Milo, Tova},
  journal={Proceedings of the VLDB Endowment},
  volume={5},
  number={11},
  pages={1208--1219},
  year={2012},
  publisher={VLDB Endowment}
}

@inproceedings{amann2013weblab,
  title={Weblab prov: computing fine-grained provenance links for xml artifacts},
  author={Amann, Bernd and Constantin, Camelia and Caron, Cl{\'e}ment and Giroux, Patrick},
  booktitle={Proceedings of the Joint EDBT/ICDT 2013 Workshops},
  pages={298--306},
  year={2013},
  organization={ACM}
}

@article{freire2008provenance,
  title={Provenance for computational tasks: A survey},
  author={Freire, Juliana and Koop, David and Santos, Emanuele and Silva, Cl{\'a}udio T},
  journal={Computing in Science \& Engineering},
  volume={10},
  number={3},
  year={2008},
  publisher={IEEE}
}

@inproceedings{pimentel2016fine,
  title={Fine-grained provenance collection over scripts through program slicing},
  author={Pimentel, Jo{\~a}o Felipe and Freire, Juliana and Murta, Leonardo and Braganholo, Vanessa},
  booktitle={International Provenance and Annotation Workshop},
  pages={199--203},
  year={2016},
  organization={Springer}
}

@inproceedings{song2014improving,
  title={Improving Workflow Design Using Abstract Provenance Graphs},
  author={Song, Tianhong and Dey, Saumen and Bowers, Shawn and Lud{\"a}scher, Bertram},
  booktitle={International Provenance and Annotation Workshop},
  pages={226--228},
  year={2014},
  organization={Springer}
}

@inproceedings{dey2014up,
  title={UP \& DOWN: Improving Provenance Precision by Combining Workflow-and Trace-Level Information.},
  author={Dey, Saumen C and Belhajjame, Khalid and Koop, David and Song, Tianhong and Missier, Paolo and Lud{\"a}scher, Bertram},
  booktitle={TAPP},
  year={2014}
}

@incollection{glavic2014big,
  title={Big data provenance: Challenges and implications for benchmarking},
  author={Glavic, Boris},
  booktitle={Specifying big data benchmarks},
  pages={72--80},
  year={2014},
  publisher={Springer}
}


